<record><leader>00000cas a22000007a 4500</leader><controlfield tag="001">19085463</controlfield><controlfield tag="008">890131d19031904nduwr ne      0    0eng d</controlfield><datafield ind1=" " ind2=" " tag="010"><subfield code="a">sn 88076544 </subfield></datafield><datafield ind1=" " ind2=" " tag="040"><subfield code="a">NOP</subfield><subfield code="b">eng</subfield><subfield code="c">NOP</subfield><subfield code="d">OCLCQ</subfield></datafield><datafield ind1=" " ind2=" " tag="042"><subfield code="a">msc</subfield></datafield><datafield ind1="0" ind2="4" tag="245"><subfield code="a">The Lawton leader.</subfield></datafield><datafield ind1=" " ind2=" " tag="260"><subfield code="a">Lawton, N.D. :</subfield><subfield code="b">J.A. Mercer</subfield></datafield><datafield ind1=" " ind2=" " tag="300"><subfield code="a">v. :</subfield><subfield code="b">ill. ;</subfield><subfield code="c">62 cm.</subfield></datafield><datafield ind1=" " ind2=" " tag="310"><subfield code="a">Weekly</subfield></datafield><datafield ind1="1" ind2=" " tag="362"><subfield code="a">Began in 1903? Ceased in 1904?</subfield></datafield><datafield ind1=" " ind2=" " tag="515"><subfield code="a">Issues for 1904 also bear the numbering of the Larimore leader, while this publication begins new numbering with v. 2, no. 1, May 13, 1904.</subfield></datafield><datafield ind1=" " ind2=" " tag="530"><subfield code="a">Available on microfilm from the State Historical Society of North Dakota.</subfield></datafield><datafield ind1=" " ind2=" " tag="588"><subfield code="a">Description based on: 7th year, no. 35 (May 29, 1903).</subfield></datafield><datafield ind1=" " ind2=" " tag="752"><subfield code="a">United States</subfield><subfield code="b">North Dakota</subfield><subfield code="c">Ramsey</subfield><subfield code="d">Lawton.</subfield></datafield><datafield ind1="0" ind2="0" tag="780"><subfield code="t">Larimore leader (Larimore, N.D. : 1882)</subfield><subfield code="w">(DLC)sn 88076567</subfield></datafield></record>